<?xml version="1.0" encoding="UTF-8"?>
<record>
  <leader>01711nam#a2200469#cb4500</leader>
  <controlfield tag="005">20230126112200.0</controlfield>
  <controlfield tag="007">tu</controlfield>
  <controlfield tag="008">070309|2007####gw############|||#|#ger#c</controlfield>
  <controlfield tag="003">DE-605</controlfield>
  <controlfield tag="001">990156060190206441</controlfield>
  <datafield tag="015" ind1=" " ind2=" ">
    <subfield code="a">07,A44,0065</subfield>
    <subfield code="z">07,N12,0056</subfield>
    <subfield code="2">dnb</subfield>
  </datafield>
  <datafield tag="016" ind1="7" ind2=" ">
    <subfield code="a">162453654</subfield>
    <subfield code="2">OCoLC</subfield>
  </datafield>
  <datafield tag="016" ind1="7" ind2=" ">
    <subfield code="a">983245525</subfield>
    <subfield code="2">DE-101b</subfield>
  </datafield>
  <datafield tag="020" ind1=" " ind2=" ">
    <subfield code="a">9783934997158</subfield>
    <subfield code="c">kart. : EUR 29.50</subfield>
    <subfield code="9">978-3-934997-15-8</subfield>
  </datafield>
  <datafield tag="020" ind1=" " ind2=" ">
    <subfield code="a">3934997155</subfield>
    <subfield code="c">kart. : EUR 29.50</subfield>
    <subfield code="9">3-934997-15-5</subfield>
  </datafield>
  <datafield tag="024" ind1="3" ind2=" ">
    <subfield code="a">9783934997158</subfield>
  </datafield>
  <datafield tag="035" ind1=" " ind2=" ">
    <subfield code="a">(DE-605)HT015014677</subfield>
  </datafield>
  <datafield tag="040" ind1=" " ind2=" ">
    <subfield code="c">DE-605</subfield>
    <subfield code="a">832</subfield>
    <subfield code="b">ger</subfield>
    <subfield code="d">466</subfield>
    <subfield code="e">rakwb</subfield>
    <subfield code="d">DE-605</subfield>
  </datafield>
  <datafield tag="041" ind1=" " ind2=" ">
    <subfield code="a">ger</subfield>
  </datafield>
  <datafield tag="044" ind1=" " ind2=" ">
    <subfield code="c">XA-DE</subfield>
  </datafield>
  <datafield tag="082" ind1="0" ind2="4">
    <subfield code="a">025.52068</subfield>
    <subfield code="2">DDC22ger</subfield>
  </datafield>
  <datafield tag="084" ind1=" " ind2=" ">
    <subfield code="a">560</subfield>
    <subfield code="2">rpb</subfield>
  </datafield>
  <datafield tag="084" ind1=" " ind2=" ">
    <subfield code="a">020</subfield>
    <subfield code="2">z</subfield>
  </datafield>
  <datafield tag="084" ind1=" " ind2=" ">
    <subfield code="a">AN 76400</subfield>
    <subfield code="2">rvk</subfield>
  </datafield>
  <datafield tag="089" ind1="0" ind2="4">
    <subfield code="a">025.52068</subfield>
    <subfield code="c">025.52</subfield>
    <subfield code="e">DDC22ger</subfield>
    <subfield code="f">068</subfield>
  </datafield>
  <datafield tag="245" ind1="0" ind2="0">
    <subfield code="a">"Was für ein Service!"</subfield>
    <subfield code="b">Entwicklung und Sicherung der Auskunftsqualität von Bibliotheken</subfield>
    <subfield code="c">von Tom Becker</subfield>
  </datafield>
  <datafield tag="264" ind1=" " ind2="1">
    <subfield code="a">Wiesbaden</subfield>
    <subfield code="b">Dinges &amp; Frick</subfield>
    <subfield code="c">2007</subfield>
  </datafield>
  <datafield tag="300" ind1=" " ind2=" ">
    <subfield code="a">211 S. : graph. Darst.</subfield>
  </datafield>
  <datafield tag="490" ind1="1" ind2=" ">
    <subfield code="a">BIT online : Innovativ</subfield>
    <subfield code="v">13</subfield>
  </datafield>
  <datafield tag="689" ind1="0" ind2="0">
    <subfield code="a">Deutschland</subfield>
    <subfield code="D">g</subfield>
    <subfield code="0">(DE-588)4011882-4</subfield>
  </datafield>
  <datafield tag="689" ind1="0" ind2="1">
    <subfield code="a">Bibliothek</subfield>
    <subfield code="D">s</subfield>
    <subfield code="0">(DE-588)4006439-6</subfield>
  </datafield>
  <datafield tag="689" ind1="0" ind2="2">
    <subfield code="a">Auskunftsdienst</subfield>
    <subfield code="D">s</subfield>
    <subfield code="0">(DE-588)4340792-4</subfield>
  </datafield>
  <datafield tag="689" ind1="0" ind2="3">
    <subfield code="a">Qualitätsmanagement</subfield>
    <subfield code="D">s</subfield>
    <subfield code="0">(DE-588)4219057-5</subfield>
  </datafield>
  <datafield tag="035" ind1=" " ind2=" ">
    <subfield code="a">(OCoLC)162453654</subfield>
  </datafield>
  <datafield tag="035" ind1=" " ind2=" ">
    <subfield code="a">(DE-599)HBZHT015014677</subfield>
  </datafield>
  <datafield tag="964" ind1="0" ind2="s">
    <subfield code="F">051</subfield>
    <subfield code="A">s|||||||</subfield>
  </datafield>
  <datafield tag="964" ind1="0" ind2="i">
    <subfield code="I">marc-FMT via MAB2MARC</subfield>
    <subfield code="F">FMT</subfield>
    <subfield code="A">BK</subfield>
  </datafield>
  <datafield tag="964" ind1="0" ind2="s">
    <subfield code="F">030</subfield>
    <subfield code="A">a|1uc||||||37</subfield>
  </datafield>
  <datafield tag="964" ind1="0" ind2="s">
    <subfield code="F">050</subfield>
    <subfield code="A">a|||||||||||||</subfield>
  </datafield>
  <datafield tag="830" ind1=" " ind2="0">
    <subfield code="a">BIT online : Innovativ</subfield>
    <subfield code="w">(DE-605)HT012827392</subfield>
    <subfield code="v">13</subfield>
    <subfield code="9">O:1</subfield>
  </datafield>
  <datafield tag="856" ind1="4" ind2="2">
    <subfield code="m">V:DE-605;X:migimw</subfield>
    <subfield code="q">application/pdf</subfield>
    <subfield code="u">http://digitale-objekte.hbz-nrw.de/storage/2007/06/08/file_68/1996377.pdf</subfield>
    <subfield code="3">Inhaltsverzeichnis</subfield>
    <subfield code="9">O:PKN</subfield>
  </datafield>
  <datafield tag="700" ind1="1" ind2=" ">
    <subfield code="a">Becker, Tom</subfield>
    <subfield code="d">1973-</subfield>
    <subfield code="0">(DE-588)133323862</subfield>
    <subfield code="4">edt</subfield>
  </datafield>
  <datafield tag="655" ind1=" " ind2="7">
    <subfield code="a">Aufsatzsammlung</subfield>
    <subfield code="0">(DE-588)4143413-4</subfield>
    <subfield code="2">gnd-content</subfield>
  </datafield>
  <datafield tag="MBD" ind1=" " ind2=" ">
    <subfield code="M">49HBZ_NETWORK</subfield>
    <subfield code="i">990156060190206441</subfield>
    <subfield code="n">HBZ Network</subfield>
  </datafield>
  <datafield tag="MBD" ind1=" " ind2=" ">
    <subfield code="M">49HBZ_WUP</subfield>
    <subfield code="i">990009430270206447</subfield>
    <subfield code="n">Bergische Universität Wuppertal</subfield>
  </datafield>
  <datafield tag="020" ind1=" " ind2=" ">
    <subfield code="a">9783934997158</subfield>
    <subfield code="c">kart. : EUR 29.50</subfield>
    <subfield code="9">978-3-934997-15-8</subfield>
    <subfield code="M">49HBZ_WUP</subfield>
  </datafield>
  <datafield tag="020" ind1=" " ind2=" ">
    <subfield code="a">3934997155</subfield>
    <subfield code="c">kart. : EUR 29.50</subfield>
    <subfield code="9">3-934997-15-5</subfield>
    <subfield code="M">49HBZ_WUP</subfield>
  </datafield>
  <datafield tag="830" ind1=" " ind2="0">
    <subfield code="a">BIT online : Innovativ</subfield>
    <subfield code="w">(DE-605)HT012827392</subfield>
    <subfield code="v">13</subfield>
    <subfield code="9">O:1</subfield>
    <subfield code="M">49HBZ_WUP</subfield>
  </datafield>
  <datafield tag="856" ind1="4" ind2="2">
    <subfield code="m">V:DE-605;X:migimw</subfield>
    <subfield code="q">application/pdf</subfield>
    <subfield code="u">http://digitale-objekte.hbz-nrw.de/storage/2007/06/08/file_68/1996377.pdf</subfield>
    <subfield code="3">Inhaltsverzeichnis</subfield>
    <subfield code="9">O:PKN</subfield>
    <subfield code="M">49HBZ_WUP</subfield>
  </datafield>
  <datafield tag="983" ind1=" " ind2=" ">
    <subfield code="b">AVY</subfield>
    <subfield code="9">LOCAL</subfield>
    <subfield code="M">49HBZ_WUP</subfield>
  </datafield>
  <datafield tag="MBD" ind1=" " ind2=" ">
    <subfield code="M">49HBZ_FHM</subfield>
    <subfield code="i">991004164479706485</subfield>
    <subfield code="n">FH / KA Münster</subfield>
  </datafield>
  <datafield tag="020" ind1=" " ind2=" ">
    <subfield code="a">9783934997158</subfield>
    <subfield code="c">kart. : EUR 29.50</subfield>
    <subfield code="9">978-3-934997-15-8</subfield>
    <subfield code="M">49HBZ_FHM</subfield>
  </datafield>
  <datafield tag="020" ind1=" " ind2=" ">
    <subfield code="a">3934997155</subfield>
    <subfield code="c">kart. : EUR 29.50</subfield>
    <subfield code="9">3-934997-15-5</subfield>
    <subfield code="M">49HBZ_FHM</subfield>
  </datafield>
  <datafield tag="590" ind1=" " ind2=" ">
    <subfield code="a">Subsequent record output</subfield>
    <subfield code="b">WorldCat Holdings</subfield>
    <subfield code="9">LOCAL</subfield>
    <subfield code="M">49HBZ_FHM</subfield>
  </datafield>
  <datafield tag="590" ind1=" " ind2=" ">
    <subfield code="a">Subsequent record output</subfield>
    <subfield code="b">IntroxK2</subfield>
    <subfield code="9">LOCAL</subfield>
    <subfield code="M">49HBZ_FHM</subfield>
  </datafield>
  <datafield tag="830" ind1=" " ind2="0">
    <subfield code="a">BIT online : Innovativ</subfield>
    <subfield code="w">(DE-605)HT012827392</subfield>
    <subfield code="v">13</subfield>
    <subfield code="9">O:1</subfield>
    <subfield code="M">49HBZ_FHM</subfield>
  </datafield>
  <datafield tag="856" ind1="4" ind2="2">
    <subfield code="m">V:DE-605;X:migimw</subfield>
    <subfield code="q">application/pdf</subfield>
    <subfield code="u">http://digitale-objekte.hbz-nrw.de/storage/2007/06/08/file_68/1996377.pdf</subfield>
    <subfield code="3">Inhaltsverzeichnis</subfield>
    <subfield code="9">O:PKN</subfield>
    <subfield code="M">49HBZ_FHM</subfield>
  </datafield>
  <datafield tag="935" ind1=" " ind2=" ">
    <subfield code="a">(OCoLC)ocn162453654</subfield>
    <subfield code="9">ExL</subfield>
    <subfield code="9">LOCAL</subfield>
    <subfield code="M">49HBZ_FHM</subfield>
  </datafield>
  <datafield tag="MBD" ind1=" " ind2=" ">
    <subfield code="M">49HBZ_FUH</subfield>
    <subfield code="i">990009298550106464</subfield>
    <subfield code="n">Fernuniversität Hagen</subfield>
  </datafield>
  <datafield tag="020" ind1=" " ind2=" ">
    <subfield code="a">9783934997158</subfield>
    <subfield code="c">kart. : EUR 29.50</subfield>
    <subfield code="9">978-3-934997-15-8</subfield>
    <subfield code="M">49HBZ_FUH</subfield>
  </datafield>
  <datafield tag="020" ind1=" " ind2=" ">
    <subfield code="a">3934997155</subfield>
    <subfield code="c">kart. : EUR 29.50</subfield>
    <subfield code="9">3-934997-15-5</subfield>
    <subfield code="M">49HBZ_FUH</subfield>
  </datafield>
  <datafield tag="830" ind1=" " ind2="0">
    <subfield code="a">BIT online : Innovativ</subfield>
    <subfield code="w">(DE-605)HT012827392</subfield>
    <subfield code="v">13</subfield>
    <subfield code="9">O:1</subfield>
    <subfield code="M">49HBZ_FUH</subfield>
  </datafield>
  <datafield tag="856" ind1="4" ind2="2">
    <subfield code="m">V:DE-605;X:migimw</subfield>
    <subfield code="q">application/pdf</subfield>
    <subfield code="u">http://digitale-objekte.hbz-nrw.de/storage/2007/06/08/file_68/1996377.pdf</subfield>
    <subfield code="3">Inhaltsverzeichnis</subfield>
    <subfield code="9">O:PKN</subfield>
    <subfield code="M">49HBZ_FUH</subfield>
  </datafield>
  <datafield tag="983" ind1=" " ind2=" ">
    <subfield code="b">AVY</subfield>
    <subfield code="9">LOCAL</subfield>
    <subfield code="M">49HBZ_FUH</subfield>
  </datafield>
  <datafield tag="MBD" ind1=" " ind2=" ">
    <subfield code="M">49HBZ_FHA</subfield>
    <subfield code="i">991003274089706444</subfield>
    <subfield code="n">Hochschulbibliothek der FH Aachen</subfield>
  </datafield>
  <datafield tag="020" ind1=" " ind2=" ">
    <subfield code="a">9783934997158</subfield>
    <subfield code="c">kart. : EUR 29.50</subfield>
    <subfield code="9">978-3-934997-15-8</subfield>
    <subfield code="M">49HBZ_FHA</subfield>
  </datafield>
  <datafield tag="020" ind1=" " ind2=" ">
    <subfield code="a">3934997155</subfield>
    <subfield code="c">kart. : EUR 29.50</subfield>
    <subfield code="9">3-934997-15-5</subfield>
    <subfield code="M">49HBZ_FHA</subfield>
  </datafield>
  <datafield tag="830" ind1=" " ind2="0">
    <subfield code="a">BIT online : Innovativ</subfield>
    <subfield code="w">(DE-605)HT012827392</subfield>
    <subfield code="v">13</subfield>
    <subfield code="9">O:1</subfield>
    <subfield code="M">49HBZ_FHA</subfield>
  </datafield>
  <datafield tag="856" ind1="4" ind2="2">
    <subfield code="m">V:DE-605;X:migimw</subfield>
    <subfield code="q">application/pdf</subfield>
    <subfield code="u">http://digitale-objekte.hbz-nrw.de/storage/2007/06/08/file_68/1996377.pdf</subfield>
    <subfield code="3">Inhaltsverzeichnis</subfield>
    <subfield code="9">O:PKN</subfield>
    <subfield code="M">49HBZ_FHA</subfield>
  </datafield>
  <datafield tag="980" ind1="1" ind2=" ">
    <subfield code="e">HBZ</subfield>
    <subfield code="9">LOCAL</subfield>
    <subfield code="M">49HBZ_FHA</subfield>
  </datafield>
  <datafield tag="981" ind1=" " ind2=" ">
    <subfield code="a">(A96)244839</subfield>
    <subfield code="9">LOCAL</subfield>
    <subfield code="M">49HBZ_FHA</subfield>
  </datafield>
  <datafield tag="983" ind1=" " ind2=" ">
    <subfield code="b">AVY</subfield>
    <subfield code="9">LOCAL</subfield>
    <subfield code="M">49HBZ_FHA</subfield>
  </datafield>
  <datafield tag="989" ind1=" " ind2=" ">
    <subfield code="a">neu0812</subfield>
    <subfield code="9">LOCAL</subfield>
    <subfield code="M">49HBZ_FHA</subfield>
  </datafield>
  <datafield tag="991" ind1=" " ind2=" ">
    <subfield code="a">ha/we</subfield>
    <subfield code="9">LOCAL</subfield>
    <subfield code="M">49HBZ_FHA</subfield>
  </datafield>
  <datafield tag="997" ind1=" " ind2=" ">
    <subfield code="a">20081105</subfield>
    <subfield code="9">LOCAL</subfield>
    <subfield code="M">49HBZ_FHA</subfield>
  </datafield>
  <datafield tag="MBD" ind1=" " ind2=" ">
    <subfield code="M">49HBZ_HBI</subfield>
    <subfield code="i">991001357309706450</subfield>
    <subfield code="n">Hochschule Bielefeld</subfield>
  </datafield>
  <datafield tag="020" ind1=" " ind2=" ">
    <subfield code="a">9783934997158</subfield>
    <subfield code="c">kart. : EUR 29.50</subfield>
    <subfield code="9">978-3-934997-15-8</subfield>
    <subfield code="M">49HBZ_HBI</subfield>
  </datafield>
  <datafield tag="020" ind1=" " ind2=" ">
    <subfield code="a">3934997155</subfield>
    <subfield code="c">kart. : EUR 29.50</subfield>
    <subfield code="9">3-934997-15-5</subfield>
    <subfield code="M">49HBZ_HBI</subfield>
  </datafield>
  <datafield tag="830" ind1=" " ind2="0">
    <subfield code="a">BIT online : Innovativ</subfield>
    <subfield code="w">(DE-605)HT012827392</subfield>
    <subfield code="v">13</subfield>
    <subfield code="9">O:1</subfield>
    <subfield code="M">49HBZ_HBI</subfield>
  </datafield>
  <datafield tag="856" ind1="4" ind2="2">
    <subfield code="m">V:DE-605;X:migimw</subfield>
    <subfield code="q">application/pdf</subfield>
    <subfield code="u">http://digitale-objekte.hbz-nrw.de/storage/2007/06/08/file_68/1996377.pdf</subfield>
    <subfield code="3">Inhaltsverzeichnis</subfield>
    <subfield code="9">O:PKN</subfield>
    <subfield code="M">49HBZ_HBI</subfield>
  </datafield>
  <datafield tag="980" ind1="1" ind2=" ">
    <subfield code="e">HBZ</subfield>
    <subfield code="9">LOCAL</subfield>
    <subfield code="M">49HBZ_HBI</subfield>
  </datafield>
  <datafield tag="981" ind1=" " ind2=" ">
    <subfield code="a">(DE-Bi10)202258</subfield>
    <subfield code="9">LOCAL</subfield>
    <subfield code="M">49HBZ_HBI</subfield>
  </datafield>
  <datafield tag="997" ind1=" " ind2=" ">
    <subfield code="a">20070704</subfield>
    <subfield code="9">LOCAL</subfield>
    <subfield code="M">49HBZ_HBI</subfield>
  </datafield>
  <datafield tag="MBD" ind1=" " ind2=" ">
    <subfield code="M">49HBZ_HSD</subfield>
    <subfield code="i">991003534449706455</subfield>
    <subfield code="n">Hochschule Duesseldorf</subfield>
  </datafield>
  <datafield tag="020" ind1=" " ind2=" ">
    <subfield code="a">9783934997158</subfield>
    <subfield code="c">kart. : EUR 29.50</subfield>
    <subfield code="9">978-3-934997-15-8</subfield>
    <subfield code="M">49HBZ_HSD</subfield>
  </datafield>
  <datafield tag="020" ind1=" " ind2=" ">
    <subfield code="a">3934997155</subfield>
    <subfield code="c">kart. : EUR 29.50</subfield>
    <subfield code="9">3-934997-15-5</subfield>
    <subfield code="M">49HBZ_HSD</subfield>
  </datafield>
  <datafield tag="830" ind1=" " ind2="0">
    <subfield code="a">BIT online : Innovativ</subfield>
    <subfield code="w">(DE-605)HT012827392</subfield>
    <subfield code="v">13</subfield>
    <subfield code="9">O:1</subfield>
    <subfield code="M">49HBZ_HSD</subfield>
  </datafield>
  <datafield tag="856" ind1="4" ind2="2">
    <subfield code="m">V:DE-605;X:migimw</subfield>
    <subfield code="q">application/pdf</subfield>
    <subfield code="u">http://digitale-objekte.hbz-nrw.de/storage/2007/06/08/file_68/1996377.pdf</subfield>
    <subfield code="3">Inhaltsverzeichnis</subfield>
    <subfield code="9">O:PKN</subfield>
    <subfield code="M">49HBZ_HSD</subfield>
  </datafield>
  <datafield tag="981" ind1=" " ind2=" ">
    <subfield code="a">140995</subfield>
    <subfield code="9">LOCAL</subfield>
    <subfield code="M">49HBZ_HSD</subfield>
  </datafield>
  <datafield tag="983" ind1=" " ind2=" ">
    <subfield code="a">AVY</subfield>
    <subfield code="9">LOCAL</subfield>
    <subfield code="M">49HBZ_HSD</subfield>
  </datafield>
  <datafield tag="987" ind1="1" ind2=" ">
    <subfield code="a">b</subfield>
    <subfield code="9">LOCAL</subfield>
    <subfield code="M">49HBZ_HSD</subfield>
  </datafield>
  <datafield tag="997" ind1=" " ind2=" ">
    <subfield code="a">20200618</subfield>
    <subfield code="9">LOCAL</subfield>
    <subfield code="M">49HBZ_HSD</subfield>
  </datafield>
  <datafield tag="MBD" ind1=" " ind2=" ">
    <subfield code="M">49HBZ_HSN</subfield>
    <subfield code="i">991002991989708056</subfield>
    <subfield code="n">Hochschule Niederrhein</subfield>
  </datafield>
  <datafield tag="020" ind1=" " ind2=" ">
    <subfield code="a">9783934997158</subfield>
    <subfield code="c">kart. : EUR 29.50</subfield>
    <subfield code="9">978-3-934997-15-8</subfield>
    <subfield code="M">49HBZ_HSN</subfield>
  </datafield>
  <datafield tag="020" ind1=" " ind2=" ">
    <subfield code="a">3934997155</subfield>
    <subfield code="c">kart. : EUR 29.50</subfield>
    <subfield code="9">3-934997-15-5</subfield>
    <subfield code="M">49HBZ_HSN</subfield>
  </datafield>
  <datafield tag="830" ind1=" " ind2="0">
    <subfield code="a">BIT online : Innovativ</subfield>
    <subfield code="w">(DE-605)HT012827392</subfield>
    <subfield code="v">13</subfield>
    <subfield code="9">O:1</subfield>
    <subfield code="M">49HBZ_HSN</subfield>
  </datafield>
  <datafield tag="856" ind1="4" ind2="2">
    <subfield code="m">V:DE-605;X:migimw</subfield>
    <subfield code="q">application/pdf</subfield>
    <subfield code="u">http://digitale-objekte.hbz-nrw.de/storage/2007/06/08/file_68/1996377.pdf</subfield>
    <subfield code="3">Inhaltsverzeichnis</subfield>
    <subfield code="9">O:PKN</subfield>
    <subfield code="M">49HBZ_HSN</subfield>
  </datafield>
  <datafield tag="980" ind1="1" ind2=" ">
    <subfield code="e">HBZ</subfield>
    <subfield code="9">LOCAL</subfield>
    <subfield code="M">49HBZ_HSN</subfield>
  </datafield>
  <datafield tag="981" ind1=" " ind2=" ">
    <subfield code="a">(DE-829)152232</subfield>
    <subfield code="9">LOCAL</subfield>
    <subfield code="M">49HBZ_HSN</subfield>
  </datafield>
  <datafield tag="997" ind1=" " ind2=" ">
    <subfield code="a">20080407</subfield>
    <subfield code="9">LOCAL</subfield>
    <subfield code="M">49HBZ_HSN</subfield>
  </datafield>
  <datafield tag="MBD" ind1=" " ind2=" ">
    <subfield code="M">49HBZ_OWL</subfield>
    <subfield code="i">991001146849706468</subfield>
    <subfield code="n">Hochschule Ostwestfalen-Lippe</subfield>
  </datafield>
  <datafield tag="020" ind1=" " ind2=" ">
    <subfield code="a">9783934997158</subfield>
    <subfield code="c">kart. : EUR 29.50</subfield>
    <subfield code="9">978-3-934997-15-8</subfield>
    <subfield code="M">49HBZ_OWL</subfield>
  </datafield>
  <datafield tag="020" ind1=" " ind2=" ">
    <subfield code="a">3934997155</subfield>
    <subfield code="c">kart. : EUR 29.50</subfield>
    <subfield code="9">3-934997-15-5</subfield>
    <subfield code="M">49HBZ_OWL</subfield>
  </datafield>
  <datafield tag="830" ind1=" " ind2="0">
    <subfield code="a">BIT online : Innovativ</subfield>
    <subfield code="w">(DE-605)HT012827392</subfield>
    <subfield code="v">13</subfield>
    <subfield code="9">O:1</subfield>
    <subfield code="M">49HBZ_OWL</subfield>
  </datafield>
  <datafield tag="856" ind1="4" ind2="2">
    <subfield code="m">V:DE-605;X:migimw</subfield>
    <subfield code="q">application/pdf</subfield>
    <subfield code="u">http://digitale-objekte.hbz-nrw.de/storage/2007/06/08/file_68/1996377.pdf</subfield>
    <subfield code="3">Inhaltsverzeichnis</subfield>
    <subfield code="9">O:PKN</subfield>
    <subfield code="M">49HBZ_OWL</subfield>
  </datafield>
  <datafield tag="980" ind1="1" ind2="2">
    <subfield code="e">HBZ</subfield>
    <subfield code="9">LOCAL</subfield>
    <subfield code="M">49HBZ_OWL</subfield>
  </datafield>
  <datafield tag="981" ind1=" " ind2=" ">
    <subfield code="a">(DE-743)130457</subfield>
    <subfield code="9">LOCAL</subfield>
    <subfield code="M">49HBZ_OWL</subfield>
  </datafield>
  <datafield tag="MBD" ind1=" " ind2=" ">
    <subfield code="M">49HBZ_DET</subfield>
    <subfield code="i">991005430139706480</subfield>
    <subfield code="n">Hochschule fur Musik Detmold</subfield>
  </datafield>
  <datafield tag="020" ind1=" " ind2=" ">
    <subfield code="a">9783934997158</subfield>
    <subfield code="c">kart. : EUR 29.50</subfield>
    <subfield code="9">978-3-934997-15-8</subfield>
    <subfield code="M">49HBZ_DET</subfield>
  </datafield>
  <datafield tag="020" ind1=" " ind2=" ">
    <subfield code="a">3934997155</subfield>
    <subfield code="c">kart. : EUR 29.50</subfield>
    <subfield code="9">3-934997-15-5</subfield>
    <subfield code="M">49HBZ_DET</subfield>
  </datafield>
  <datafield tag="830" ind1=" " ind2="0">
    <subfield code="a">BIT online : Innovativ</subfield>
    <subfield code="w">(DE-605)HT012827392</subfield>
    <subfield code="v">13</subfield>
    <subfield code="9">O:1</subfield>
    <subfield code="M">49HBZ_DET</subfield>
  </datafield>
  <datafield tag="856" ind1="4" ind2="2">
    <subfield code="m">V:DE-605;X:migimw</subfield>
    <subfield code="q">application/pdf</subfield>
    <subfield code="u">http://digitale-objekte.hbz-nrw.de/storage/2007/06/08/file_68/1996377.pdf</subfield>
    <subfield code="3">Inhaltsverzeichnis</subfield>
    <subfield code="9">O:PKN</subfield>
    <subfield code="M">49HBZ_DET</subfield>
  </datafield>
  <datafield tag="980" ind1="1" ind2=" ">
    <subfield code="e">HBZ</subfield>
    <subfield code="9">LOCAL</subfield>
    <subfield code="M">49HBZ_DET</subfield>
  </datafield>
  <datafield tag="981" ind1=" " ind2=" ">
    <subfield code="a">(DE575-DE51)614718</subfield>
    <subfield code="9">LOCAL</subfield>
    <subfield code="M">49HBZ_DET</subfield>
  </datafield>
  <datafield tag="982" ind1=" " ind2=" ">
    <subfield code="a">Bibliotheksorganisation</subfield>
    <subfield code="2">unaufgegliedert</subfield>
    <subfield code="9">LOCAL</subfield>
    <subfield code="M">49HBZ_DET</subfield>
  </datafield>
  <datafield tag="982" ind1=" " ind2=" ">
    <subfield code="a">Bibliothek / Auskunft</subfield>
    <subfield code="2">unaufgegliedert</subfield>
    <subfield code="9">LOCAL</subfield>
    <subfield code="M">49HBZ_DET</subfield>
  </datafield>
  <datafield tag="982" ind1=" " ind2=" ">
    <subfield code="a">Bibliothek / Service</subfield>
    <subfield code="2">unaufgegliedert</subfield>
    <subfield code="9">LOCAL</subfield>
    <subfield code="M">49HBZ_DET</subfield>
  </datafield>
  <datafield tag="982" ind1=" " ind2=" ">
    <subfield code="a">Bibliothek / Benutzung</subfield>
    <subfield code="2">unaufgegliedert</subfield>
    <subfield code="9">LOCAL</subfield>
    <subfield code="M">49HBZ_DET</subfield>
  </datafield>
  <datafield tag="983" ind1=" " ind2=" ">
    <subfield code="b">HB</subfield>
    <subfield code="9">LOCAL</subfield>
    <subfield code="M">49HBZ_DET</subfield>
  </datafield>
  <datafield tag="992" ind1=" " ind2=" ">
    <subfield code="a">HB 90</subfield>
    <subfield code="9">LOCAL</subfield>
    <subfield code="M">49HBZ_DET</subfield>
  </datafield>
  <datafield tag="997" ind1=" " ind2=" ">
    <subfield code="a">20150805</subfield>
    <subfield code="9">LOCAL</subfield>
    <subfield code="M">49HBZ_DET</subfield>
  </datafield>
  <datafield tag="MBD" ind1=" " ind2=" ">
    <subfield code="M">49HBZ_BRIDGE_LBZ</subfield>
    <subfield code="i">99106785307506</subfield>
    <subfield code="n">Rheinische Landesbibliothek Koblenz</subfield>
  </datafield>
  <datafield tag="020" ind1=" " ind2=" ">
    <subfield code="a">9783934997158</subfield>
    <subfield code="c">kart. : EUR 29.50</subfield>
    <subfield code="9">978-3-934997-15-8</subfield>
    <subfield code="M">49HBZ_BRIDGE_LBZ</subfield>
  </datafield>
  <datafield tag="020" ind1=" " ind2=" ">
    <subfield code="a">3934997155</subfield>
    <subfield code="c">kart. : EUR 29.50</subfield>
    <subfield code="9">3-934997-15-5</subfield>
    <subfield code="M">49HBZ_BRIDGE_LBZ</subfield>
  </datafield>
  <datafield tag="830" ind1=" " ind2="0">
    <subfield code="a">BIT online : Innovativ</subfield>
    <subfield code="w">(DE-605)HT012827392</subfield>
    <subfield code="v">13</subfield>
    <subfield code="9">O:1</subfield>
    <subfield code="M">49HBZ_BRIDGE_LBZ</subfield>
  </datafield>
  <datafield tag="856" ind1="4" ind2="2">
    <subfield code="m">V:DE-605;X:migimw</subfield>
    <subfield code="q">application/pdf</subfield>
    <subfield code="u">http://digitale-objekte.hbz-nrw.de/storage/2007/06/08/file_68/1996377.pdf</subfield>
    <subfield code="3">Inhaltsverzeichnis</subfield>
    <subfield code="9">O:PKN</subfield>
    <subfield code="M">49HBZ_BRIDGE_LBZ</subfield>
  </datafield>
  <datafield tag="MBD" ind1=" " ind2=" ">
    <subfield code="M">49HBZ_THK</subfield>
    <subfield code="i">991008425689706477</subfield>
    <subfield code="n">Technische Hochschule Köln (TH Köln)</subfield>
  </datafield>
  <datafield tag="020" ind1=" " ind2=" ">
    <subfield code="a">9783934997158</subfield>
    <subfield code="c">kart. : EUR 29.50</subfield>
    <subfield code="9">978-3-934997-15-8</subfield>
    <subfield code="M">49HBZ_THK</subfield>
  </datafield>
  <datafield tag="020" ind1=" " ind2=" ">
    <subfield code="a">3934997155</subfield>
    <subfield code="c">kart. : EUR 29.50</subfield>
    <subfield code="9">3-934997-15-5</subfield>
    <subfield code="M">49HBZ_THK</subfield>
  </datafield>
  <datafield tag="830" ind1=" " ind2="0">
    <subfield code="a">BIT online : Innovativ</subfield>
    <subfield code="w">(DE-605)HT012827392</subfield>
    <subfield code="v">13</subfield>
    <subfield code="9">O:1</subfield>
    <subfield code="M">49HBZ_THK</subfield>
  </datafield>
  <datafield tag="856" ind1="4" ind2="2">
    <subfield code="m">V:DE-605;X:migimw</subfield>
    <subfield code="q">application/pdf</subfield>
    <subfield code="u">http://digitale-objekte.hbz-nrw.de/storage/2007/06/08/file_68/1996377.pdf</subfield>
    <subfield code="3">Inhaltsverzeichnis</subfield>
    <subfield code="9">O:PKN</subfield>
    <subfield code="M">49HBZ_THK</subfield>
  </datafield>
  <datafield tag="980" ind1="1" ind2=" ">
    <subfield code="e">HBZ</subfield>
    <subfield code="9">LOCAL</subfield>
    <subfield code="M">49HBZ_THK</subfield>
  </datafield>
  <datafield tag="981" ind1=" " ind2=" ">
    <subfield code="a">(DE-832)298818</subfield>
    <subfield code="9">LOCAL</subfield>
    <subfield code="M">49HBZ_THK</subfield>
  </datafield>
  <datafield tag="983" ind1=" " ind2=" ">
    <subfield code="b">BCNM</subfield>
    <subfield code="9">LOCAL</subfield>
    <subfield code="M">49HBZ_THK</subfield>
  </datafield>
  <datafield tag="995" ind1=" " ind2=" ">
    <subfield code="c">3-0; 62BCNM1806+</subfield>
    <subfield code="9">LOCAL</subfield>
    <subfield code="M">49HBZ_THK</subfield>
  </datafield>
  <datafield tag="997" ind1=" " ind2=" ">
    <subfield code="a">20070309</subfield>
    <subfield code="9">LOCAL</subfield>
    <subfield code="M">49HBZ_THK</subfield>
  </datafield>
  <datafield tag="MBD" ind1=" " ind2=" ">
    <subfield code="M">49HBZ_WHS</subfield>
    <subfield code="i">991004015879706456</subfield>
    <subfield code="n">Westfälische Hochschule</subfield>
  </datafield>
  <datafield tag="020" ind1=" " ind2=" ">
    <subfield code="a">9783934997158</subfield>
    <subfield code="c">kart. : EUR 29.50</subfield>
    <subfield code="9">978-3-934997-15-8</subfield>
    <subfield code="M">49HBZ_WHS</subfield>
  </datafield>
  <datafield tag="020" ind1=" " ind2=" ">
    <subfield code="a">3934997155</subfield>
    <subfield code="c">kart. : EUR 29.50</subfield>
    <subfield code="9">3-934997-15-5</subfield>
    <subfield code="M">49HBZ_WHS</subfield>
  </datafield>
  <datafield tag="830" ind1=" " ind2="0">
    <subfield code="a">BIT online : Innovativ</subfield>
    <subfield code="w">(DE-605)HT012827392</subfield>
    <subfield code="v">13</subfield>
    <subfield code="9">O:1</subfield>
    <subfield code="M">49HBZ_WHS</subfield>
  </datafield>
  <datafield tag="856" ind1="4" ind2="2">
    <subfield code="m">V:DE-605;X:migimw</subfield>
    <subfield code="q">application/pdf</subfield>
    <subfield code="u">http://digitale-objekte.hbz-nrw.de/storage/2007/06/08/file_68/1996377.pdf</subfield>
    <subfield code="3">Inhaltsverzeichnis</subfield>
    <subfield code="9">O:PKN</subfield>
    <subfield code="M">49HBZ_WHS</subfield>
  </datafield>
  <datafield tag="981" ind1=" " ind2=" ">
    <subfield code="a">119815</subfield>
    <subfield code="9">LOCAL</subfield>
    <subfield code="M">49HBZ_WHS</subfield>
  </datafield>
  <datafield tag="982" ind1=" " ind2=" ">
    <subfield code="a">Auskunftei; Service; öffentliche Bibliothek; Auskunft; Normung; Konzept; Becker; Dienst; Praxisbericht; Entwicklung; Carmen;</subfield>
    <subfield code="9">LOCAL</subfield>
    <subfield code="M">49HBZ_WHS</subfield>
  </datafield>
  <datafield tag="982" ind1=" " ind2=" ">
    <subfield code="b">Auskunftsdienstkonzept; Auskunftsstandard; Qualitätsstandard; Praxisbeispiel; Auskunftsinterview; Change-Management-Prozess; Face-To-Face-Interaktion; Stressbewältigung; Auskunftsqualität; Gasteig; Katinka; Standortbestimmung; Stellenwert;</subfield>
    <subfield code="9">LOCAL</subfield>
    <subfield code="M">49HBZ_WHS</subfield>
  </datafield>
  <datafield tag="982" ind1=" " ind2=" ">
    <subfield code="b">münchner Stadtbibliothek; qualitative Untersuchung; theoretische Grundlage;</subfield>
    <subfield code="9">LOCAL</subfield>
    <subfield code="M">49HBZ_WHS</subfield>
  </datafield>
  <datafield tag="983" ind1=" " ind2=" ">
    <subfield code="a">AVY</subfield>
    <subfield code="9">LOCAL</subfield>
    <subfield code="M">49HBZ_WHS</subfield>
  </datafield>
  <datafield tag="987" ind1="1" ind2=" ">
    <subfield code="a">b</subfield>
    <subfield code="9">LOCAL</subfield>
    <subfield code="M">49HBZ_WHS</subfield>
  </datafield>
  <datafield tag="997" ind1=" " ind2=" ">
    <subfield code="a">20200618</subfield>
    <subfield code="9">LOCAL</subfield>
    <subfield code="M">49HBZ_WHS</subfield>
  </datafield>
  <datafield tag="MNG" ind1=" " ind2=" ">
    <subfield code="c">System</subfield>
    <subfield code="f">HBZ</subfield>
    <subfield code="i">marc21</subfield>
    <subfield code="h">20230126112200.0</subfield>
    <subfield code="k">01</subfield>
    <subfield code="e">false</subfield>
    <subfield code="d">2023-04-07 09:23:06 Europe/Berlin</subfield>
    <subfield code="g">015606019-HBZ01</subfield>
    <subfield code="j">60</subfield>
    <subfield code="a">import</subfield>
    <subfield code="b">2021-04-05 13:49:45 Europe/Berlin</subfield>
  </datafield>
  <datafield tag="H52" ind1=" " ind2=" ">
    <subfield code="b">W0001</subfield>
    <subfield code="c">01</subfield>
    <subfield code="h"/>
    <subfield code="8">22131370350006447</subfield>
  </datafield>
  <datafield tag="HOL" ind1=" " ind2=" ">
    <subfield code="b">2021-04-06 08:12:24</subfield>
    <subfield code="8">22131370350006447</subfield>
    <subfield code="M">49HBZ_WUP</subfield>
    <subfield code="g">false</subfield>
    <subfield code="a">import</subfield>
  </datafield>
  <datafield tag="ITM" ind1=" " ind2=" ">
    <subfield code="H">22131370350006447</subfield>
    <subfield code="x">01</subfield>
    <subfield code="f">BOOK</subfield>
    <subfield code="v">01</subfield>
    <subfield code="p">11</subfield>
    <subfield code="X">System</subfield>
    <subfield code="U">2014-03-25 11:59:00 Europe/Berlin</subfield>
    <subfield code="Y">2021-04-06 10:13:25 Europe/Berlin</subfield>
    <subfield code="h">false</subfield>
    <subfield code="n">AVY1353+1</subfield>
    <subfield code="M">49HBZ_WUP</subfield>
    <subfield code="s">1</subfield>
    <subfield code="d">#</subfield>
    <subfield code="V">import</subfield>
    <subfield code="b">W00159251</subfield>
    <subfield code="a">23131370340006447</subfield>
    <subfield code="t">8</subfield>
    <subfield code="R">Maintenance count: 003</subfield>
    <subfield code="S">M2014-1516</subfield>
    <subfield code="B">2014/4259</subfield>
    <subfield code="D">20140325</subfield>
    <subfield code="W">2014-03-25 01:00:00 Europe/Berlin</subfield>
    <subfield code="u">W0001</subfield>
    <subfield code="w">W0001</subfield>
  </datafield>
  <datafield tag="H35" ind1=" " ind2=" ">
    <subfield code="a">(DE-836)223590216-49hbz_fhm</subfield>
    <subfield code="8">2229843250006485</subfield>
  </datafield>
  <datafield tag="H52" ind1="8" ind2=" ">
    <subfield code="b">FHMH</subfield>
    <subfield code="c">Freihand_H</subfield>
    <subfield code="h">AVY 3</subfield>
    <subfield code="8">2229843250006485</subfield>
  </datafield>
  <datafield tag="HOL" ind1=" " ind2=" ">
    <subfield code="d">2023-08-17 09:08:46</subfield>
    <subfield code="8">2229843250006485</subfield>
    <subfield code="b">2022-06-27 10:05:32</subfield>
    <subfield code="M">49HBZ_FHM</subfield>
    <subfield code="g">false</subfield>
    <subfield code="a">import</subfield>
    <subfield code="c">System</subfield>
  </datafield>
  <datafield tag="ITM" ind1=" " ind2=" ">
    <subfield code="H">2229843250006485</subfield>
    <subfield code="x">Freihand_H</subfield>
    <subfield code="f">BOOK</subfield>
    <subfield code="v">Freihand_H</subfield>
    <subfield code="p">ZZZ</subfield>
    <subfield code="X">System</subfield>
    <subfield code="U">2016-12-15 11:59:00 Europe/Berlin</subfield>
    <subfield code="Y">2023-01-25 15:52:05 Europe/Berlin</subfield>
    <subfield code="h">false</subfield>
    <subfield code="n">AVY 3</subfield>
    <subfield code="P">Fachbereich: BIB</subfield>
    <subfield code="M">49HBZ_FHM</subfield>
    <subfield code="s">1</subfield>
    <subfield code="d">8</subfield>
    <subfield code="V">import</subfield>
    <subfield code="b">0212359</subfield>
    <subfield code="a">2329843240006485</subfield>
    <subfield code="t">8</subfield>
    <subfield code="c">AVY 3</subfield>
    <subfield code="D">20200727</subfield>
    <subfield code="W">2016-12-15 01:00:00 Europe/Berlin</subfield>
    <subfield code="u">FHMH</subfield>
    <subfield code="w">FHMH</subfield>
  </datafield>
  <datafield tag="H52" ind1=" " ind2=" ">
    <subfield code="b">F0001</subfield>
    <subfield code="c">00</subfield>
    <subfield code="8">22109044850006464</subfield>
  </datafield>
  <datafield tag="HOL" ind1=" " ind2=" ">
    <subfield code="b">2022-07-04 11:50:18</subfield>
    <subfield code="8">22109044850006464</subfield>
    <subfield code="M">49HBZ_FUH</subfield>
    <subfield code="g">false</subfield>
    <subfield code="a">import</subfield>
  </datafield>
  <datafield tag="ITM" ind1=" " ind2=" ">
    <subfield code="H">22109044850006464</subfield>
    <subfield code="x">00</subfield>
    <subfield code="f">BOOK</subfield>
    <subfield code="v">00</subfield>
    <subfield code="p">10</subfield>
    <subfield code="X">System</subfield>
    <subfield code="U">2007-04-11 12:59:00 Europe/Berlin</subfield>
    <subfield code="Y">2022-07-04 13:51:25 Europe/Berlin</subfield>
    <subfield code="h">false</subfield>
    <subfield code="n">AVY/BEC</subfield>
    <subfield code="P">01///</subfield>
    <subfield code="M">49HBZ_FUH</subfield>
    <subfield code="s">1</subfield>
    <subfield code="d">#</subfield>
    <subfield code="V">import</subfield>
    <subfield code="b">070418501</subfield>
    <subfield code="a">23109044830006464</subfield>
    <subfield code="R">Maintenance count: 002</subfield>
    <subfield code="S">FUH-35269</subfield>
    <subfield code="B">07/4185</subfield>
    <subfield code="D">20070503</subfield>
    <subfield code="W">2007-04-11 02:00:00 Europe/Berlin</subfield>
    <subfield code="u">F0001</subfield>
    <subfield code="w">F0001</subfield>
  </datafield>
  <datafield tag="H52" ind1="8" ind2=" ">
    <subfield code="b">EUP</subfield>
    <subfield code="c">EUP_BV</subfield>
    <subfield code="h">91 AVY 2</subfield>
    <subfield code="8">2283400870006444</subfield>
  </datafield>
  <datafield tag="HOL" ind1=" " ind2=" ">
    <subfield code="b">2021-04-20 15:45:49</subfield>
    <subfield code="8">2283400870006444</subfield>
    <subfield code="M">49HBZ_FHA</subfield>
    <subfield code="g">false</subfield>
    <subfield code="a">import</subfield>
  </datafield>
  <datafield tag="ITM" ind1=" " ind2=" ">
    <subfield code="H">2283400870006444</subfield>
    <subfield code="x">EUP_BV</subfield>
    <subfield code="f">BOOK</subfield>
    <subfield code="v">EUP_BV</subfield>
    <subfield code="X">System</subfield>
    <subfield code="U">2021-04-20 12:59:00 Europe/Berlin</subfield>
    <subfield code="Y">2021-04-20 17:46:26 Europe/Berlin</subfield>
    <subfield code="h">false</subfield>
    <subfield code="P">ClassificationNo: 115</subfield>
    <subfield code="G">1</subfield>
    <subfield code="Q">Fernleihkonditionen: 0</subfield>
    <subfield code="M">49HBZ_FHA</subfield>
    <subfield code="s">1</subfield>
    <subfield code="d">8</subfield>
    <subfield code="V">import</subfield>
    <subfield code="b">91 AVY 2</subfield>
    <subfield code="O">SISIS-Ausleihzähler Migrationsjahr: 0 | SISIS-Ausleihzähler Vor-Migrationsjahr: 0 | SISIS-Ausleihzähler vorletztes Migrationsjahr: 0 | SISIS-Vormerkzähler Migrationsjahr: 0 | SISIS-vorletztes Rückgabedatum: 2008-12-02</subfield>
    <subfield code="N">SISIS-Buchdaten-Aufnahmedatum: 2008-12-02 | Altersbegrenzung: 0</subfield>
    <subfield code="a">2383400860006444</subfield>
    <subfield code="c">91 AVY 2</subfield>
    <subfield code="B">08/4630</subfield>
    <subfield code="W">2021-04-20 17:45:49 Europe/Berlin</subfield>
    <subfield code="u">EUP</subfield>
    <subfield code="w">EUP</subfield>
  </datafield>
  <datafield tag="H52" ind1="8" ind2=" ">
    <subfield code="b">40</subfield>
    <subfield code="c">BiblVerw</subfield>
    <subfield code="h">AVY Was</subfield>
    <subfield code="8">2219493820006450</subfield>
  </datafield>
  <datafield tag="HOL" ind1=" " ind2=" ">
    <subfield code="b">2022-07-14 17:10:07</subfield>
    <subfield code="8">2219493820006450</subfield>
    <subfield code="M">49HBZ_HBI</subfield>
    <subfield code="g">false</subfield>
    <subfield code="a">import</subfield>
  </datafield>
  <datafield tag="ITM" ind1=" " ind2=" ">
    <subfield code="H">2219493820006450</subfield>
    <subfield code="x">BiblVerw</subfield>
    <subfield code="f">BOOK</subfield>
    <subfield code="v">BiblVerw</subfield>
    <subfield code="p">Präsenzbestand</subfield>
    <subfield code="X">System</subfield>
    <subfield code="U">2022-07-12 12:59:00 Europe/Berlin</subfield>
    <subfield code="Y">2022-07-14 19:11:02 Europe/Berlin</subfield>
    <subfield code="h">false</subfield>
    <subfield code="G">1</subfield>
    <subfield code="M">49HBZ_HBI</subfield>
    <subfield code="s">1</subfield>
    <subfield code="d">8</subfield>
    <subfield code="V">import</subfield>
    <subfield code="L">Systematik: 0 | HBZ01: HT015014677 | Keine Beilagen: 1</subfield>
    <subfield code="b">074333</subfield>
    <subfield code="O">SISIS Ausleihen insgesamt: 0 | SISIS Vormerkungen Migrationsjahr: 0 | SISIS Aufnahmedatum: 2007-08-02</subfield>
    <subfield code="N">Sigel: Bi 10 | Fernleihkonditionen: 3</subfield>
    <subfield code="a">2319493810006450</subfield>
    <subfield code="c">AVY Was</subfield>
    <subfield code="S">FB01-240</subfield>
    <subfield code="B">07M01-32</subfield>
    <subfield code="W">2022-07-14 19:10:07 Europe/Berlin</subfield>
    <subfield code="u">40</subfield>
    <subfield code="w">40</subfield>
  </datafield>
  <datafield tag="H52" ind1="8" ind2=" ">
    <subfield code="b">cdd</subfield>
    <subfield code="c">HBEMP</subfield>
    <subfield code="h">14 AVY 100</subfield>
    <subfield code="8">2236303650006455</subfield>
  </datafield>
  <datafield tag="HOL" ind1=" " ind2=" ">
    <subfield code="b">2022-08-09 09:31:29</subfield>
    <subfield code="8">2236303650006455</subfield>
    <subfield code="M">49HBZ_HSD</subfield>
    <subfield code="g">false</subfield>
    <subfield code="a">import</subfield>
  </datafield>
  <datafield tag="ITM" ind1=" " ind2=" ">
    <subfield code="H">2236303650006455</subfield>
    <subfield code="x">HBEMP</subfield>
    <subfield code="f">BOOK</subfield>
    <subfield code="v">HBEMP</subfield>
    <subfield code="X">System</subfield>
    <subfield code="U">2022-08-09 12:59:00 Europe/Berlin</subfield>
    <subfield code="Y">2023-04-19 13:59:39 Europe/Berlin</subfield>
    <subfield code="h">false</subfield>
    <subfield code="n">14 AVY 100</subfield>
    <subfield code="Q">008 - Wirtschaft, Arbeit, Tourismusindustrie</subfield>
    <subfield code="M">49HBZ_HSD</subfield>
    <subfield code="s">1</subfield>
    <subfield code="d">8</subfield>
    <subfield code="V">import</subfield>
    <subfield code="b">017294901</subfield>
    <subfield code="O">Letzter Ausleiher: 9022670 am 10.02.2016  16:30:00 | Zweitletzter Ausleiher: 9018674 am 05.05.2011  11:59:00 | Drittletzter Ausleiher: 9010006 am 13.04.2011  09:21:00 | Viertletzter Ausleiher: 9000001 am 16.01.2008  08:02:00</subfield>
    <subfield code="N">Haushaltskostenstelle: 0/21 | Medientyp: b</subfield>
    <subfield code="a">2336303640006455</subfield>
    <subfield code="R">all - Allgemeines, Medienwissenschaften</subfield>
    <subfield code="c">14 AVY 100</subfield>
    <subfield code="B">2007.02525</subfield>
    <subfield code="W">2022-08-09 11:31:29 Europe/Berlin</subfield>
    <subfield code="u">cdd</subfield>
    <subfield code="w">cdd</subfield>
  </datafield>
  <datafield tag="H52" ind1="8" ind2=" ">
    <subfield code="b">MG</subfield>
    <subfield code="c">MG_Public</subfield>
    <subfield code="h">Aln 4 Was</subfield>
    <subfield code="8">2247061890008056</subfield>
  </datafield>
  <datafield tag="HOL" ind1=" " ind2=" ">
    <subfield code="b">2023-07-25 14:38:16</subfield>
    <subfield code="8">2247061890008056</subfield>
    <subfield code="M">49HBZ_HSN</subfield>
    <subfield code="g">false</subfield>
    <subfield code="a">import</subfield>
  </datafield>
  <datafield tag="ITM" ind1=" " ind2=" ">
    <subfield code="H">2247061890008056</subfield>
    <subfield code="x">MG_Public</subfield>
    <subfield code="f">BOOK</subfield>
    <subfield code="v">MG_Public</subfield>
    <subfield code="p">itempolicy_PB</subfield>
    <subfield code="X">System</subfield>
    <subfield code="U">2023-07-20 12:59:00 Europe/Berlin</subfield>
    <subfield code="Y">2023-08-14 09:11:16 Europe/Berlin</subfield>
    <subfield code="h">false</subfield>
    <subfield code="n">Aln 4 Was</subfield>
    <subfield code="G">1</subfield>
    <subfield code="M">49HBZ_HSN</subfield>
    <subfield code="s">0</subfield>
    <subfield code="d">8</subfield>
    <subfield code="V">import</subfield>
    <subfield code="L">ClassificationNo: 0 | SISIS-Magazindrucker: 0 | HBZ01: HT015014677 | Keine Beilagen: 1</subfield>
    <subfield code="b">081408ALN4WAS</subfield>
    <subfield code="O">SISIS-Ausleihzähler vorletztes Migrationsjahr: 0 | SISIS-Vormerkzähler Migrationsjahr: 0 | SISIS-Buchdaten-Aufnahmedatum: 2008-04-07</subfield>
    <subfield code="N">Fernleihkonditionen: 3 | Sigel: 829 | Klassifikation: 0 | Altersbegrenzung: 0 | SISIS-Ausleihzähler Migrationsjahr: 0 | SISIS-Ausleihzähler Vor-Migrationsjahr: 1</subfield>
    <subfield code="a">2347061880008056</subfield>
    <subfield code="t">8</subfield>
    <subfield code="c">Aln 4 Was</subfield>
    <subfield code="r">LOAN</subfield>
    <subfield code="B">2008-1408</subfield>
    <subfield code="W">2023-07-25 16:38:16 Europe/Berlin</subfield>
    <subfield code="u">MG</subfield>
    <subfield code="w">MG</subfield>
  </datafield>
  <datafield tag="H52" ind1="8" ind2=" ">
    <subfield code="b">LE</subfield>
    <subfield code="c">LE_Frei</subfield>
    <subfield code="h">AVY107</subfield>
    <subfield code="8">2238250250006468</subfield>
  </datafield>
  <datafield tag="HOL" ind1=" " ind2=" ">
    <subfield code="b">2023-07-18 13:28:28</subfield>
    <subfield code="8">2238250250006468</subfield>
    <subfield code="M">49HBZ_OWL</subfield>
    <subfield code="g">false</subfield>
    <subfield code="a">import</subfield>
  </datafield>
  <datafield tag="ITM" ind1=" " ind2=" ">
    <subfield code="H">2238250250006468</subfield>
    <subfield code="x">LE_Frei</subfield>
    <subfield code="f">BOOK</subfield>
    <subfield code="v">LE_Frei</subfield>
    <subfield code="p">S</subfield>
    <subfield code="X">System</subfield>
    <subfield code="U">2023-07-18 12:59:00 Europe/Berlin</subfield>
    <subfield code="Y">2023-08-06 08:48:14 Europe/Berlin</subfield>
    <subfield code="h">false</subfield>
    <subfield code="n">11AVY1078</subfield>
    <subfield code="G">1</subfield>
    <subfield code="M">49HBZ_OWL</subfield>
    <subfield code="s">0</subfield>
    <subfield code="d">8</subfield>
    <subfield code="V">import</subfield>
    <subfield code="L">ClassificationNo: 0 | SISIS-Magazindrucker: 0 | HBZ01: HT015014677 | Anzahl Beilagen: 1</subfield>
    <subfield code="b">11AVY1078</subfield>
    <subfield code="O">SISIS-Ausleihzähler vorletztes Migrationsjahr: 0 | SISIS-Vormerkzähler Migrationsjahr: 0 | SISIS-vorletztes Rückgabedatum: 2010-07-06 | SISIS-Buchdaten-Aufnahmedatum: 2007-05-21</subfield>
    <subfield code="N">Fernleihkonditionen: 0 | Sigel: 743 | Klassifikation: 0 | Altersbegrenzung: 0 | SISIS-Ausleihzähler Migrationsjahr: 0 | SISIS-Ausleihzähler Vor-Migrationsjahr: 0</subfield>
    <subfield code="a">2338250240006468</subfield>
    <subfield code="c">AVY107</subfield>
    <subfield code="r">LOAN</subfield>
    <subfield code="W">2023-07-18 15:28:28 Europe/Berlin</subfield>
    <subfield code="u">LE</subfield>
    <subfield code="w">LE</subfield>
  </datafield>
  <datafield tag="H52" ind1="8" ind2=" ">
    <subfield code="b">HfM</subfield>
    <subfield code="c">HfM_Freih</subfield>
    <subfield code="h">HB 90</subfield>
    <subfield code="8">22101091900006480</subfield>
  </datafield>
  <datafield tag="HOL" ind1=" " ind2=" ">
    <subfield code="b">2023-08-14 15:20:34</subfield>
    <subfield code="8">22101091900006480</subfield>
    <subfield code="M">49HBZ_DET</subfield>
    <subfield code="g">false</subfield>
    <subfield code="a">import</subfield>
  </datafield>
  <datafield tag="ITM" ind1=" " ind2=" ">
    <subfield code="H">22101091900006480</subfield>
    <subfield code="x">HfM_Freih</subfield>
    <subfield code="f">BOOK</subfield>
    <subfield code="v">HfM_Freih</subfield>
    <subfield code="p">ausleihbar</subfield>
    <subfield code="X">System</subfield>
    <subfield code="U">2023-08-14 12:59:00 Europe/Berlin</subfield>
    <subfield code="Y">2023-09-03 09:47:03 Europe/Berlin</subfield>
    <subfield code="h">false</subfield>
    <subfield code="n">HB 90</subfield>
    <subfield code="G">1</subfield>
    <subfield code="M">49HBZ_DET</subfield>
    <subfield code="s">0</subfield>
    <subfield code="d">8</subfield>
    <subfield code="V">import</subfield>
    <subfield code="L">AnzBeil: 1 | IntFußn: 111/200/2007;Buch</subfield>
    <subfield code="b">57500000076898</subfield>
    <subfield code="O">BuchdatAufn: 2015-08-10 | Sigel: 575 | HBZ01: HT015014677 | Fernleihkonditionen: 0</subfield>
    <subfield code="N">Syst: 0 | vorlRückg: 2018-06-15</subfield>
    <subfield code="a">23101091890006480</subfield>
    <subfield code="R">Ausl23: 1 | Ausl22: 2 | Ausl21: 2 | Vorm23: 0</subfield>
    <subfield code="c">HB 90</subfield>
    <subfield code="r">LOAN</subfield>
    <subfield code="W">2023-08-14 17:20:34 Europe/Berlin</subfield>
    <subfield code="u">HfM</subfield>
    <subfield code="w">HfM</subfield>
  </datafield>
  <datafield tag="H52" ind1="0" ind2=" ">
    <subfield code="b">R0003</subfield>
    <subfield code="c">00001000</subfield>
    <subfield code="h">108-2588</subfield>
    <subfield code="8">2269296760007506</subfield>
  </datafield>
  <datafield tag="HOL" ind1=" " ind2=" ">
    <subfield code="d">2023-04-25 18:58:41</subfield>
    <subfield code="8">2269296760007506</subfield>
    <subfield code="b">2023-04-25 18:58:41</subfield>
    <subfield code="M">49HBZ_BRIDGE_LBZ</subfield>
    <subfield code="g">false</subfield>
    <subfield code="a">System</subfield>
    <subfield code="c">System</subfield>
  </datafield>
  <datafield tag="H52" ind1="0" ind2=" ">
    <subfield code="b">R0001</subfield>
    <subfield code="c">00000000</subfield>
    <subfield code="h">2008/1895</subfield>
    <subfield code="8">2269296790007506</subfield>
  </datafield>
  <datafield tag="HOL" ind1=" " ind2=" ">
    <subfield code="d">2023-04-25 18:58:41</subfield>
    <subfield code="8">2269296790007506</subfield>
    <subfield code="b">2023-04-25 18:58:41</subfield>
    <subfield code="M">49HBZ_BRIDGE_LBZ</subfield>
    <subfield code="g">false</subfield>
    <subfield code="a">System</subfield>
    <subfield code="c">System</subfield>
  </datafield>
  <datafield tag="ITM" ind1=" " ind2=" ">
    <subfield code="H">2269296760007506</subfield>
    <subfield code="x">00001000</subfield>
    <subfield code="f">BOOK</subfield>
    <subfield code="v">00001000</subfield>
    <subfield code="p">02</subfield>
    <subfield code="X">System</subfield>
    <subfield code="Y">2008-09-19 02:00:00 Europe/Berlin</subfield>
    <subfield code="n">108-2588</subfield>
    <subfield code="M">49HBZ_BRIDGE_LBZ</subfield>
    <subfield code="s">1</subfield>
    <subfield code="d">0</subfield>
    <subfield code="V">System</subfield>
    <subfield code="b">013133072107</subfield>
    <subfield code="a">2369296750007506</subfield>
    <subfield code="c">108-2588</subfield>
    <subfield code="W">2023-04-25 20:58:41 Europe/Berlin</subfield>
    <subfield code="u">R0003</subfield>
    <subfield code="w">R0003</subfield>
  </datafield>
  <datafield tag="ITM" ind1=" " ind2=" ">
    <subfield code="H">2269296790007506</subfield>
    <subfield code="x">00000000</subfield>
    <subfield code="f">BOOK</subfield>
    <subfield code="v">00000000</subfield>
    <subfield code="p">02</subfield>
    <subfield code="X">System</subfield>
    <subfield code="Y">2008-09-19 02:00:00 Europe/Berlin</subfield>
    <subfield code="n">2008/1895</subfield>
    <subfield code="M">49HBZ_BRIDGE_LBZ</subfield>
    <subfield code="s">1</subfield>
    <subfield code="d">0</subfield>
    <subfield code="V">System</subfield>
    <subfield code="b">03531721</subfield>
    <subfield code="a">2369296770007506</subfield>
    <subfield code="c">2008/1895</subfield>
    <subfield code="W">2023-04-25 20:58:41 Europe/Berlin</subfield>
    <subfield code="u">R0001</subfield>
    <subfield code="w">R0001</subfield>
  </datafield>
  <datafield tag="H52" ind1="8" ind2=" ">
    <subfield code="b">SUED</subfield>
    <subfield code="c">63</subfield>
    <subfield code="h">BCNM1806</subfield>
    <subfield code="8">2248954780006477</subfield>
  </datafield>
  <datafield tag="HOL" ind1=" " ind2=" ">
    <subfield code="b">2023-08-17 20:04:01</subfield>
    <subfield code="8">2248954780006477</subfield>
    <subfield code="M">49HBZ_THK</subfield>
    <subfield code="g">false</subfield>
    <subfield code="a">import</subfield>
  </datafield>
  <datafield tag="ITM" ind1=" " ind2=" ">
    <subfield code="H">2248954780006477</subfield>
    <subfield code="x">63</subfield>
    <subfield code="f">BOOK</subfield>
    <subfield code="v">63</subfield>
    <subfield code="X">System</subfield>
    <subfield code="U">2023-08-16 12:59:00 Europe/Berlin</subfield>
    <subfield code="Y">2023-09-03 16:55:02 Europe/Berlin</subfield>
    <subfield code="h">false</subfield>
    <subfield code="n">63BCNM1806</subfield>
    <subfield code="P">Notation: BCNM</subfield>
    <subfield code="G">1</subfield>
    <subfield code="M">49HBZ_THK</subfield>
    <subfield code="s">0</subfield>
    <subfield code="d">8</subfield>
    <subfield code="V">import</subfield>
    <subfield code="L">HBZ01: HT015014677</subfield>
    <subfield code="b">63BCNM1806</subfield>
    <subfield code="O">SISIS-Ausleihzähler Migrationsjahr: 3 | SISIS-Ausleihzähler Vor-Migrationsjahr: 1 | SISIS-Ausleihzähler vorletztes Migrationsjahr: 3 | SISIS-Vormerkzähler Migrationsjahr: 0 | SISIS-vorletztes Rückgabedatum: 2022-11-08</subfield>
    <subfield code="N">SISIS-Buchdaten-Aufnahmedatum: 2007-03-20</subfield>
    <subfield code="a">2348954760006477</subfield>
    <subfield code="c">BCNM1806</subfield>
    <subfield code="r">LOAN</subfield>
    <subfield code="W">2023-08-17 22:04:01 Europe/Berlin</subfield>
    <subfield code="u">SUED</subfield>
    <subfield code="w">SUED</subfield>
  </datafield>
  <datafield tag="H52" ind1="8" ind2=" ">
    <subfield code="b">GE</subfield>
    <subfield code="c">01</subfield>
    <subfield code="h">AVY502</subfield>
    <subfield code="8">2213573820006456</subfield>
  </datafield>
  <datafield tag="HOL" ind1=" " ind2=" ">
    <subfield code="b">2022-07-13 07:20:07</subfield>
    <subfield code="8">2213573820006456</subfield>
    <subfield code="M">49HBZ_WHS</subfield>
    <subfield code="g">false</subfield>
    <subfield code="a">import</subfield>
  </datafield>
  <datafield tag="ITM" ind1=" " ind2=" ">
    <subfield code="H">2213573820006456</subfield>
    <subfield code="x">01</subfield>
    <subfield code="f">BOOK</subfield>
    <subfield code="v">01</subfield>
    <subfield code="p">N</subfield>
    <subfield code="X">System</subfield>
    <subfield code="U">2022-07-12 12:59:00 Europe/Berlin</subfield>
    <subfield code="Y">2022-07-13 09:21:47 Europe/Berlin</subfield>
    <subfield code="h">false</subfield>
    <subfield code="n">AVY502</subfield>
    <subfield code="M">49HBZ_WHS</subfield>
    <subfield code="s">1</subfield>
    <subfield code="d">8</subfield>
    <subfield code="V">import</subfield>
    <subfield code="b">00006901</subfield>
    <subfield code="O">Ausleihhistorie: 20.12.2010|14.04.2009  12:05:00</subfield>
    <subfield code="N">Haushalt: M/GE | Lieferant: Dietmar Dreier Wissenschaftliche Versandbuchhandlung GmbH | Erwerbungsdatum: 30.08.2007 | Medientyp: b</subfield>
    <subfield code="a">2313573740006456</subfield>
    <subfield code="c">AVY502</subfield>
    <subfield code="W">2022-07-13 09:20:07 Europe/Berlin</subfield>
    <subfield code="u">GE</subfield>
    <subfield code="w">GE</subfield>
  </datafield>
</record>
